% Bibliografia
% Este fichero contiene la bibliografia de la memoria
% Está en un formato que se conoce como BibTex.
% Hay muchos sitios web que exportan referencias en formato BibTeX. 
% Prueba a buscar en http://scholar.google.com por referencias
% y verás que lo puedes hacer de manera sencilla.
% Más información: 
% http://texblog.org/2014/04/22/using-google-scholar-to-download-bibtex-citations/
% Existen varias posibilidades para referenciar diferentes tipos de documentos,
% ya que los datos necesarios varían. Así, existen formatos de entrada para
%     * libros (book)
%     * artículos en revistas de investigación (article)
%     * capítulos de libro (incollection)
%     * informes técnicos (techreport)
%     * otros (misc)
%
% Las páginas web deberían ir como misc.
% Una última cosa: no referencias nunca la WikiPedia
% La WikiPedia, como buena enciclopedia, no es fuente primaria.
% Si acaso, busca por citas en la WikiPedia (que sí ha de referenciar fuentes
% primarias) y haz referencia a las mismas.
%  author =   {Google},
@Misc{angular,
  title =  {P{\'{a}}gina de {A}ngular},
  note =   {\\ https://angular.io}
}
%  author =   {Google},
@Misc{angular:cli,
  title =  {P{\'{a}}gina de {A}ngular {C}li},
  note =   {\\ https://cli.angular.io}
}
%  author =   {Google},
@Misc{angular:material,
  title =  {P{\'{a}}gina de {A}ngular {M}aterial},
  note =   {\\ https://material.angular.io}
}

  % author =   {Node.js Foundation},
@Misc{node,
  title =  {P{\'{a}}gina de {N}ode.js},
  note =   {\\ https://nodejs.org/es/}
}

%  author =   {npm, Inc},
@Misc{NPM,
  title =  {P{\'{a}}gina de npm},
  note =   {\\ https://www.npmjs.com/}
}
%  author =   {Fundaci{ó}n Node.js},
@Misc{express,
  title =  {P{\'{a}}gina de {E}xpressjs},
  note =   {\\ https://expressjs.com/es/}
}
%  author =   {Fundaci{ó}n Node.js},
@Misc{nodemon,
  title =  {P{\'{a}}gina de {N}odemon},
  note =   {\\ https://nodemon.io}
}
@Misc{mongodb,
  title =  {P{\'{a}}gina de {M}ongoDB},
  note =   {\\ https://www.mongodb.com}
}
@Misc{mongoose,
  title =  {P{\'{a}}gina de {M}ongoose},
  note =   {\\ https://mongoosejs.com}
}

@Misc{typescript,
  title =  {P{\'{a}}gina de {T}ypeScript},
  note =   {\\ https://www.typescriptlang.org/}
}
@Misc{bootstrap,
  title =  {P{\'{a}}gina de {B}ootstrap},
  note =   {\\ https://getbootstrap.com/}
}
@Misc{CSS3,
  title =  {P{\'{a}}gina {CSS3}},
  note =   {\\ http://www.w3schools.com/css/css3\_intro.asp/}
}
%  author =   {Sitio web lanzado en 1999 por la empresa Refsnes Data},
@Misc{HTML,
  title =  {P{\'{a}}gina {HTML}},
  note =   {\\ https://www.w3schools.com/html/html5\_intro.asp}
}
 
@Misc{fontawesome,
  title =  {P{\'{a}}gina  {F}ontawesome},
  note =   {\\ https://fontawesome.com/v4.7.0/}
}
@Misc{git,
  title =  {P{\'{a}}gina de {G}it},
  note =   {\\ https://git-scm.com}
}

@Misc{Python,
  title =  {P{\'{a}}gina de {P}ython},
  note =   {\\ https://www.python.org/}
}

@Misc{Pymongo,
  title =  {P{\'{a}}gina de {P}ymongo},
  note =   {\\ https://pypi.org/project/pymongo/}
}

@Misc{zipfile36,
  title =  {P{\'{a}}gina de {Z}ipfile36},
  note =   {\\ https://pypi.org/project/zipfile36/}
}

@Misc{csvreader,
  title =  {P{\'{a}}gina de {C}sv Reader},
  note =   {\\ https://docs.python.org/3/library/csv.html}
}

@Misc{mongo_client,
  title =  {P{\'{a}}gina de {M}ongo client},
  note =   {\\ https://pymongo.readthedocs.io/en/stable/api/pymongo/mongo\_client.html}
}

@Misc{ngx-scanner,
  title =  {P{\'{a}}gina de {N}gx-scanner},
  note =   {\\ https://www.npmjs.com/package/@zxing/ngx-scanner}
}

@Misc{pwa,
  title =  {P{\'{a}}gina de {A}gular pwa},
  note =   {\\ https://www.npmjs.com/package/@angular/pwa}
}